@Article{Wayne,
author={Kevin D. Wayne},
title={A New Property and a Faster Algorithm For Baseball Elimination},
journal={SIAM J. Discrete Math},
volume={14},
number={2},
year={2001},
pages={223-229},
}
@Article{Schwartz,
author={B. L. Schwartz},
title={Possible winners in partially completed tournaments},
journal={SIAM Rev.},
volume={8},
year={1996},
pages={302-308},
}